@book{Strachan,
author = {Strachan, T. and Read, A. P.},
edition = {4th},
publisher = {Garland Science, Taylor \& Francis Group LLC},
title = {Human Molecular Genetics},
year = {2011}
}

@book{mukherjee2010emperor,
  title={The Emperor of All Maladies: A Biography of Cancer},
  author={Mukherjee, S.},
  isbn={9781439181713},
  lccn={2012359129},
  url={https://books.google.com/books?id=5rF\_31RVTnMC},
  year={2010},
  publisher={Scribner}
}

@article{zhang2015germline,
  title={Germline mutations in predisposition genes in pediatric cancer},
  author={Zhang, Jinghui and Walsh, Michael F and Wu, Gang and Edmonson, Michael N and Gruber, Tanja A and Easton, John and Hedges, Dale and Ma, Xiaotu and Zhou, Xin and Yergeau, Donald A and others},
  journal={New England Journal of Medicine},
  volume={373},
  number={24},
  pages={2336--2346},
  year={2015},
  publisher={Mass Medical Soc}
}

@article{kaelin2005concept,
  title={The concept of synthetic lethality in the context of anticancer therapy},
  author={Kaelin, William G},
  journal={Nature reviews cancer},
  volume={5},
  number={9},
  pages={689--698},
  year={2005},
  publisher={Nature Publishing Group}
}

@article{Brown2017,
abstract = {Germline aberrations in critical DNA-repair and DNA damage-response (DDR) genes cause cancer predisposition, whereas various tumors harbor somatic mutations causing defective DDR/DNA repair. The concept of synthetic lethality can be exploited in such malignancies, as exemplified by approval of poly(ADP-ribose) polymerase inhibitors for treating BRCA1/2-mutated ovarian cancers. Herein, we detail how cellular DDR processes engage various proteins that sense DNA damage, initiate signaling pathways to promote cell-cycle checkpoint activation, trigger apoptosis, and coordinate DNA repair. We focus on novel therapeutic strategies targeting promising DDR targets and discuss challenges of patient selection and the development of rational drug combinations. SIGNIFICANCE Various inhibitors of DDR components are in preclinical and clinical development. A thorough understanding of DDR pathway complexities must now be combined with strategies and lessons learned from the successful registration of PARP inhibitors in order to fully exploit the potential of DDR inhibitors and to ensure their long-term clinical success. Cancer Discov; 7(1); 20-37. {\textcopyright}2016 AACR.},
author = {Brown, Jessica S. and O'Carrigan, Brent and Jackson, Stephen P. and Yap, Timothy A.},
doi = {10.1158/2159-8290.CD-16-0860},
issn = {2159-8274},
journal = {Cancer Discovery},
month = {jan},
number = {1},
pages = {20--37},
pmid = {28003236},
title = {{Targeting DNA Repair in Cancer: Beyond PARP Inhibitors}},
url = {http://www.ncbi.nlm.nih.gov/pubmed/28003236 http://cancerdiscovery.aacrjournals.org/lookup/doi/10.1158/2159-8290.CD-16-0860},
volume = {7},
year = {2017}
}

@misc{AmericanCancerSociety:ChildCancer,
  title = {Cancers that Develop in Children},
  howpublished = {\url{http://www.cancer.org/cancer/cancer-in-children/types-of-childhood-cancers.html}},
  author = {{The American Cancer Society}},
  note = {Accessed: 2016-01-19},
  year = {2016},
  month = {August}
}

@misc{FDA,
  title = {Drug Research and Children},
  howpublished = {\url{http://www.fda.gov/Drugs/ResourcesForYou/Consumers/ucm143565.htm}},
  note = {Accessed: 2017-02-08}
}


@article{finan2017druggable,
  title={The druggable genome and support for target identification and validation in drug development},
  author={Finan, Chris and Gaulton, Anna and Kruger, Felix A and Lumbers, R Thomas and Shah, Tina and Engmann, Jorgen and Galver, Luana and Kelley, Ryan and Karlsson, Anneli and Santos, Rita and others},
  journal={Science translational medicine},
  volume={9},
  number={383},
  pages={eaag1166},
  year={2017},
  publisher={American Association for the Advancement of Science}
}

@article{hopkins2002druggable,
  title={The druggable genome},
  author={Hopkins, Andrew L and Groom, Colin R},
  journal={Nature reviews Drug discovery},
  volume={1},
  number={9},
  pages={727--730},
  year={2002},
  publisher={Nature Publishing Group}
}

@article{dobin2013star,
  title={STAR: ultrafast universal RNA-seq aligner},
  author={Dobin, Alexander and Davis, Carrie A and Schlesinger, Felix and Drenkow, Jorg and Zaleski, Chris and Jha, Sonali and Batut, Philippe and Chaisson, Mark and Gingeras, Thomas R},
  journal={Bioinformatics},
  volume={29},
  number={1},
  pages={15--21},
  year={2013},
  publisher={Oxford Univ Press}
}

@article{li2011rsem,
  title={RSEM: accurate transcript quantification from RNA-Seq data with or without a reference genome},
  author={Li, Bo and Dewey, Colin N},
  journal={BMC bioinformatics},
  volume={12},
  number={1},
  pages={323},
  year={2011},
  publisher={BioMed Central}
}

@article{griffith2013dgidb,
  title={DGIdb: mining the druggable genome},
  author={Griffith, Malachi and Griffith, Obi L and Coffman, Adam C and Weible, James V and McMichael, Josh F and Spies, Nicholas C and Koval, James and Das, Indraniel and Callaway, Matthew B and Eldred, James M and others},
  journal={Nature methods},
  volume={10},
  number={12},
  pages={1209--1210},
  year={2013},
  publisher={Nature Research}
}

@article{kothari2013outlier,
  title={Outlier kinase expression by RNA sequencing as targets for precision therapy},
  author={Kothari, Vishal and Wei, Iris and Shankar, Sunita and Kalyana-Sundaram, Shanker and Wang, Lidong and Ma, Linda W and Vats, Pankaj and Grasso, Catherine S and Robinson, Dan R and Wu, Yi-Mi and others},
  journal={Cancer discovery},
  volume={3},
  number={3},
  pages={280--293},
  year={2013},
  publisher={AACR}
}

@article{devita2008history,
  title={A history of cancer chemotherapy},
  author={DeVita, Vincent T and Chu, Edward},
  journal={Cancer research},
  volume={68},
  number={21},
  pages={8643--8653},
  year={2008},
  publisher={AACR}
}

@article{hanahan2011hallmarks,
  title={Hallmarks of cancer: the next generation},
  author={Hanahan, Douglas and Weinberg, Robert A},
  journal={cell},
  volume={144},
  number={5},
  pages={646--674},
  year={2011},
  publisher={Elsevier}
}

@misc{raconteur:historyOfCancer,
   author = "Nigel Hawkes",
   title = "History of cancer treatment",
   year = "2015",
   url = "\url{https://www.raconteur.net/healthcare/history-of-cancer-treatment}",
   note = "[Online; accessed 26-April-2017]"
 }
 
@article{barretina2012cancer,
  title={The Cancer Cell Line Encyclopedia enables predictive modelling of anticancer drug sensitivity},
  author={Barretina, Jordi and Caponigro, Giordano and Stransky, Nicolas and Venkatesan, Kavitha and Margolin, Adam A and Kim, Sungjoon and Wilson, Christopher J and Leh{\'a}r, Joseph and Kryukov, Gregory V and Sonkin, Dmitriy and others},
  journal={Nature},
  volume={483},
  number={7391},
  pages={603--607},
  year={2012},
  publisher={Nature Research}
}

 @misc{cancer.org:keyStatisticsChilhoodcancer,
   author = "Eleni Berger",
   title = "Key Statistics in Childhood Cancer",
   year = "2016",
   url = "\url{https://www.cancer.org/cancer/cancer-in-children/key-statistics.html}",
   note = "[Online; accessed 28-April-2017]"
 }
 
 @misc{cancer.org:historyOfCancer,
   author = "Eleni Berger",
   title = "The History of Cancer",
   year = "2014",
   url = "\url{https://www.cancer.org/cancer/cancer-basics/history-of-cancer.html}",
   note = "[Online; accessed 28-April-2017]"
 }
 
 @misc{cancer.org:longTermEffects,
   author = "Eleni Berger",
   title = "Late and Long-term Effects of Treatment of Childhood Leukemia",
   year = "2016",
   url = {https://www.cancer.org/cancer/leukemia-in-children/after-treatment/long-term-effects.html},
   note = "[Online; accessed 28-April-2017]"
 }
 
 @misc{forbes:costIllumina,
   author = "Matthew Herper",
   title = "Illumina Promises to Sequence Human Genome for \$100 - But Not Quite Yet",
   year = "2017",
   url = "\url{https://www.forbes.com/sites/matthewherper/2017/01/09/illumina-promises-to-sequence-human-genome-for-100-but-not-quite-yet/#386d282e386d}",
   note = "[Online; accessed 28-April-2017]"
 }
 
 @article{pearson2002history,
  title={History of pediatric hematology oncology},
  author={Pearson, Howard A},
  journal={Pediatric research},
  volume={52},
  number={6},
  pages={979--992},
  year={2002},
  publisher={Nature Publishing Group}
}

@article{kopp2012late,
  title={Late effects in adult survivors of pediatric cancer: a guide for the primary care physician},
  author={Kopp, Lisa M and Gupta, Puja and Pelayo-Katsanis, Luz and Wittman, Brenda and Katsanis, Emmanuel},
  journal={The American journal of medicine},
  volume={125},
  number={7},
  pages={636--641},
  year={2012},
  publisher={Elsevier}
}

@article{farmer2005targeting,
  title={Targeting the DNA repair defect in BRCA mutant cells as a therapeutic strategy},
  author={Farmer, Hannah and McCabe, Nuala and Lord, Christopher J and Tutt, Andrew NJ and Johnson, Damian A and Richardson, Tobias B and Santarosa, Manuela and Dillon, Krystyna J and Hickson, Ian and Knights, Charlotte and others},
  journal={Nature},
  volume={434},
  number={7035},
  pages={917--921},
  year={2005},
  publisher={Nature Publishing Group}
}

@article{subramanian2005gene,
  title={Gene set enrichment analysis: a knowledge-based approach for interpreting genome-wide expression profiles},
  author={Subramanian, Aravind and Tamayo, Pablo and Mootha, Vamsi K and Mukherjee, Sayan and Ebert, Benjamin L and Gillette, Michael A and Paulovich, Amanda and Pomeroy, Scott L and Golub, Todd R and Lander, Eric S and others},
  journal={Proceedings of the National Academy of Sciences},
  volume={102},
  number={43},
  pages={15545--15550},
  year={2005},
  publisher={National Acad Sciences}
}

@article{liberzon2011molecular,
  title={Molecular signatures database (MSigDB) 3.0},
  author={Liberzon, Arthur and Subramanian, Aravind and Pinchback, Reid and Thorvaldsd{\'o}ttir, Helga and Tamayo, Pablo and Mesirov, Jill P},
  journal={Bioinformatics},
  volume={27},
  number={12},
  pages={1739--1740},
  year={2011},
  publisher={Oxford Univ Press}
}

@article{liberzon2015molecular,
  title={The molecular signatures database hallmark gene set collection},
  author={Liberzon, Arthur and Birger, Chet and Thorvaldsd{\'o}ttir, Helga and Ghandi, Mahmoud and Mesirov, Jill P and Tamayo, Pablo},
  journal={Cell systems},
  volume={1},
  number={6},
  pages={417--425},
  year={2015},
  publisher={Elsevier}
}

@article{vivian2017toil,
  title={Toil enables reproducible, open source, big biomedical data analyses},
  author={Vivian, John and Rao, Arjun Arkal and Nothaft, Frank Austin and Ketchum, Christopher and Armstrong, Joel and Novak, Adam and Pfeil, Jacob and Narkizian, Jake and Deran, Alden D and Musselman-Brown, Audrey and others},
  journal={Nature Biotechnology},
  volume={35},
  number={4},
  pages={314--316},
  year={2017},
  publisher={Nature Research}
}

@article{alvarez2016functional,
  title={Functional characterization of somatic mutations in cancer using network-based inference of protein activity},
  author={Alvarez, Mariano J and Shen, Yao and Giorgi, Federico M and Lachmann, Alexander and Ding, B Belinda and Ye, B Hilda and Califano, Andrea},
  journal={Nature Genetics},
  year={2016},
  publisher={Nature Publishing Group}
}

@article{margolin2006aracne,
  title={ARACNE: an algorithm for the reconstruction of gene regulatory networks in a mammalian cellular context},
  author={Margolin, Adam A and Nemenman, Ilya and Basso, Katia and Wiggins, Chris and Stolovitzky, Gustavo and Dalla Favera, Riccardo and Califano, Andrea},
  journal={BMC bioinformatics},
  volume={7},
  number={1},
  pages={S7},
  year={2006},
  publisher={BioMed Central}
}

@article{hoaglin1986performance,
  title={Performance of some resistant rules for outlier labeling},
  author={Hoaglin, David C and Iglewicz, Boris and Tukey, John W},
  journal={Journal of the American Statistical Association},
  volume={81},
  number={396},
  pages={991--999},
  year={1986},
  publisher={Taylor \& Francis Group}
}

@book{hoff2009first,
  title={A first course in Bayesian statistical methods},
  author={Hoff, Peter D},
  year={2009},
  publisher={Springer Science \& Business Media}
}

@book{gelman2006data,
  title={Data analysis using regression and multilevel/hierarchical models},
  author={Gelman, Andrew and Hill, Jennifer},
  year={2006},
  publisher={Cambridge university press}
}

@book{gelman2014bayesian,
  title={Bayesian data analysis},
  author={Gelman, Andrew and Carlin, John B and Stern, Hal S and Rubin, Donald B},
  volume={2},
  year={2014},
  publisher={Chapman \& Hall/CRC Boca Raton, FL, USA}
}

@book{snijders2011multilevel,
  title={Multilevel analysis},
  author={Snijders, Tom AB},
  year={2011},
  publisher={Springer}
}

@article{ji2010analyzing,
  title={Analyzing’omics data using hierarchical models},
  author={Ji, Hongkai and Liu, X Shirley},
  journal={Nature biotechnology},
  volume={28},
  number={4},
  pages={337},
  year={2010},
  publisher={NIH Public Access}
}

@book{mcelreath2016statistical,
  title={Statistical rethinking: A Bayesian course with examples in R and Stan},
  author={McElreath, Richard},
  volume={122},
  year={2016},
  publisher={CRC Press}
}

 @misc{10xWebsite,
   author = "10x Genomics", 
   title = "The Chromium Single Cell 3' Solution",
   year = "2017",
   url = "\url{https://www.10xgenomics.com/single-cell/}",
   note = "[Online; accessed 28-April-2017]"
 }
 
 @article{menche2015uncovering,
  title={Uncovering disease-disease relationships through the incomplete interactome},
  author={Menche, J{\"o}rg and Sharma, Amitabh and Kitsak, Maksim and Ghiassian, Susan Dina and Vidal, Marc and Loscalzo, Joseph and Barab{\'a}si, Albert-L{\'a}szl{\'o}},
  journal={Science},
  volume={347},
  number={6224},
  pages={1257601},
  year={2015},
  publisher={American Association for the Advancement of Science}
}

@article{wong2004bcr,
  title={The BCR-ABL story: bench to bedside and back},
  author={Wong, Stephane and Witte, Owen N},
  journal={Annu. Rev. Immunol.},
  volume={22},
  pages={247--306},
  year={2004},
  publisher={Annual Reviews}
}

@article{bernt2014current,
  title={Current concepts in pediatric Philadelphia chromosome-positive acute lymphoblastic leukemia},
  author={Bernt, Kathrin MMD and Hunger, Stephen PMD},
  journal={Frontiers in oncology},
  volume={4},
  pages={54},
  year={2014},
  publisher={Frontiers}
}

@article{kanehisa2000kegg,
  title={KEGG: kyoto encyclopedia of genes and genomes},
  author={Kanehisa, Minoru and Goto, Susumu},
  journal={Nucleic acids research},
  volume={28},
  number={1},
  pages={27--30},
  year={2000},
  publisher={Oxford Univ Press}
}

@article{joshi2005reactome,
  title={Reactome: a knowledgebase of biological pathways},
  author={Joshi-Tope, G and Gillespie, Marc and Vastrik, Imre and D'Eustachio, Peter and Schmidt, Esther and de Bono, Bernard and Jassal, Bijay and Gopinath, GR and Wu, GR and Matthews, Lisa and others},
  journal={Nucleic acids research},
  volume={33},
  number={suppl 1},
  pages={D428--D432},
  year={2005},
  publisher={Oxford Univ Press}
}

@article{irrthum2010inferring,
  title={Inferring regulatory networks from expression data using tree-based methods},
  author={Irrthum, Alexandre and Wehenkel, Louis and Geurts, Pierre and others},
  journal={PloS one},
  volume={5},
  number={9},
  pages={e12776},
  year={2010},
  publisher={Public Library of Science}
}

@article{lachmann2016aracne,
  title={ARACNe-AP: gene network reverse engineering through adaptive partitioning inference of mutual information},
  author={Lachmann, Alexander and Giorgi, Federico M and Lopez, Gonzalo and Califano, Andrea},
  journal={Bioinformatics},
  volume={32},
  number={14},
  pages={2233--2235},
  year={2016},
  publisher={Oxford Univ Press}
}

@article{chiu2015genomic,
  title={Genomic assays for identification of chikungunya virus in blood donors, Puerto Rico, 2014},
  author={Chiu, Charles Y and Bres, Vanessa and Yu, Guixia and Krysztof, David and Naccache, Samia N and Lee, Deanna and Pfeil, Jacob and Linnen, Jeffrey M and Stramer, Susan L},
  journal={Emerging infectious diseases},
  volume={21},
  number={8},
  pages={1409},
  year={2015},
  publisher={Centers for Disease Control and Prevention}
}

@article{bouquet2017rna,
  title={RNA-Seq Analysis of Gene Expression, Viral Pathogen, and B-Cell/T-Cell Receptor Signatures in Complex Chronic Disease},
  author={Bouquet, Jerome and Gardy, Jennifer L and Brown, Scott and Pfeil, Jacob and Miller, Ruth R and Morshed, Muhammad and Avina-Zubieta, Antonio and Shojania, Kam and McCabe, Mark and Parker, Shoshana and others},
  journal={Clinical infectious diseases: an official publication of the Infectious Diseases Society of America},
  volume={64},
  number={4},
  pages={476--481},
  year={2017},
  publisher={Clinical infectious diseases: an official publication of the Infectious Diseases Society of America}
}

@article{leung2015drosophila,
  title={Drosophila Muller F elements maintain a distinct set of genomic properties over 40 million years of evolution},
  author={Leung, Wilson and Shaffer, Christopher D and Reed, Laura K and Smith, Sheryl T and Barshop, William and Dirkes, William and Dothager, Matthew and Lee, Paul and Wong, Jeannette and Xiong, David and others},
  journal={G3: Genes| Genomes| Genetics},
  volume={5},
  number={5},
  pages={719--740},
  year={2015},
  publisher={Genetics Society of America}
}

@article{tembe2014open,
  title={Open-access synthetic spike-in mRNA-seq data for cancer gene fusions},
  author={Tembe, Waibhav D and Pond, Stephanie JK and Legendre, Christophe and Chuang, Han-Yu and Liang, Winnie S and Kim, Nancy E and Montel, Valerie and Wong, Shukmei and McDaniel, Timothy K and Craig, David W and others},
  journal={BMC genomics},
  volume={15},
  number={1},
  pages={824},
  year={2014},
  publisher={BioMed Central}
}

@article{ceccarelli2016molecular,
  title={Molecular profiling reveals biologically discrete subsets and pathways of progression in diffuse glioma},
  author={Ceccarelli, Michele and Barthel, Floris P and Malta, Tathiane M and Sabedot, Thais S and Salama, Sofie R and Murray, Bradley A and Morozova, Olena and Newton, Yulia and Radenbaugh, Amie and Pagnotta, Stefano M and others},
  journal={Cell},
  volume={164},
  number={3},
  pages={550--563},
  year={2016},
  publisher={Elsevier}
}

@article{matsuda2013roles,
  title={Roles of PI3K/AKT/PTEN pathway as a target for pharmaceutical therapy},
  author={Matsuda, Satoru and Nakanishi, Atsuko and Wada, Yoko and Kitagishi, Yasuko},
  journal={The open medicinal chemistry journal},
  volume={7},
  number={1},
  year={2013}
}

@article{kharchenko2014bayesian,
  title={Bayesian approach to single-cell differential expression analysis},
  author={Kharchenko, Peter V and Silberstein, Lev and Scadden, David T},
  journal={Nature methods},
  volume={11},
  number={7},
  pages={740--742},
  year={2014},
  publisher={Nature Research}
}

@misc{howlader2013seer,
  title={SEER Cancer Statistics Review, 1975-2010, National Cancer Institute. Bethesda, MD},
  author={Howlader, N and Noone, Anne-Michelle and Krapcho, M and Garshell, J and Miller, D and Altekruse, SF and Kosary, CL and Yu, M and Ruhl, J and Tatalovich, Z and others},
  year={2013}
}

@article{ghafoor2002cancer,
  title={Cancer statistics for African Americans},
  author={Ghafoor, Asma and Jemal, Ahmedin and Cokkinides, Vilma and Cardinez, Cheryll and Murray, Taylor and Samuels, Alicia and Thun, Michael J},
  journal={CA: a cancer journal for clinicians},
  volume={52},
  number={6},
  pages={326--341},
  year={2002},
  publisher={Wiley Online Library}
}

@article{anders2011systematic,
  title={A systematic screen for CDK4/6 substrates links FOXM1 phosphorylation to senescence suppression in cancer cells},
  author={Anders, Lars and Ke, Nan and Hydbring, Per and Choi, Yoon J and Widlund, Hans R and Chick, Joel M and Zhai, Huili and Vidal, Marc and Gygi, Stephen P and Braun, Pascal and others},
  journal={Cancer cell},
  volume={20},
  number={5},
  pages={620--634},
  year={2011},
  publisher={Elsevier}
}

@article{kreso2014evolution,
  title={Evolution of the cancer stem cell model},
  author={Kreso, Antonija and Dick, John E},
  journal={Cell stem cell},
  volume={14},
  number={3},
  pages={275--291},
  year={2014},
  publisher={Elsevier}
}

@article{Boudoures2017,
abstract = {Histone post-translational modifications play vital roles in a variety of nuclear processes, including DNA repair. It has been previously shown that histone H3K79 methylation is important for the cellular response to DNA damage caused by ultraviolet (UV) radiation, with evidence that specific methylation states play distinct roles in UV repair. Here we report that H3K79 methylation is reduced in response to UV exposure in Saccharomyces cerevisiae This reduction is specific to the dimethylated state, as trimethylation levels are minimally altered by UV exposure. Inhibition of this reduction has a deleterious effect on UV-induced sister chromatid exchange, suggesting that H3K79 dimethylation levels play a regulatory role in UV repair. Further evidence implicates an additional role for H3K79 dimethylation levels in error-free translesion synthesis, but not in UV-induced G1/S checkpoint activation or double-stranded break repair. Additionally, we find that H3K79 dimethylation levels are influenced by acetylatable lysines on the histone H4 N-terminal tail, which are hyperacetylated in response to UV exposure. Preclusion of H4 acetylation prevents UV-induced reduction of H3K79 dimethylation, and similarly has a negative effect on UV-induced sister chromatid exchange. These results point to the existence of a novel histone crosstalk pathway that is important for the regulation of UV-induced DNA damage repair.},
author = {Boudoures, Anna L. and Pfeil, Jacob J. and Steenkiste, Elizabeth M. and Hoffman, Rachel A. and Bailey, Elizabeth A. and Wilkes, Sara E. and Higdon, Sarah K. and Thompson, Jeffrey S.},
doi = {10.1534/genetics.116.195735},
issn = {0016-6731},
journal = {Genetics},
keywords = {DNA repair,histone crosstalk,histone modification,methylation,sister chromatid exchange},
month = {may},
pages = {genetics.116.195735},
pmid = {28522541},
title = {{A Novel Histone Crosstalk Pathway Important for Regulation of UV-Induced DNA Damage Repair in {\textless}i{\textgreater}Saccharomyces cerevisiae{\textless}/i{\textgreater}}},
url = {http://www.ncbi.nlm.nih.gov/pubmed/28522541 http://www.genetics.org/lookup/doi/10.1534/genetics.116.195735},
year = {2017}
}

@article{watson2013emerging,
  title={Emerging patterns of somatic mutations in cancer},
  author={Watson, Ian R and Takahashi, Koichi and Futreal, P Andrew and Chin, Lynda},
  journal={Nature reviews Genetics},
  volume={14},
  number={10},
  pages={703--718},
  year={2013},
  publisher={Nature Publishing Group}
}

@article{jones2010evolution,
  title={Evolution of an adenocarcinoma in response to selection by targeted kinase inhibitors},
  author={Jones, Steven JM and Laskin, Janessa and Li, Yvonne Y and Griffith, Obi L and An, Jianghong and Bilenky, Mikhail and Butterfield, Yaron S and Cezard, Timothee and Chuah, Eric and Corbett, Richard and others},
  journal={Genome biology},
  volume={11},
  number={8},
  pages={R82},
  year={2010},
  publisher={BioMed Central}
}

@article{mortazavi2008mapping,
  title={Mapping and quantifying mammalian transcriptomes by RNA-Seq},
  author={Mortazavi, Ali and Williams, Brian A and McCue, Kenneth and Schaeffer, Lorian and Wold, Barbara},
  journal={Nature methods},
  volume={5},
  number={7},
  pages={621--628},
  year={2008},
  publisher={Nature Publishing Group}
}

@article{haverty2016reproducible,
  title={Reproducible pharmacogenomic profiling of cancer cell line panels},
  author={Haverty, Peter M and Lin, Eva and Tan, Jenille and Yu, Yihong and Lam, Billy and Lianoglou, Steve and Neve, Richard M and Martin, Scott and Settleman, Jeff and Yauch, Robert L and others},
  journal={Nature},
  volume={533},
  number={7603},
  pages={333--337},
  year={2016},
  publisher={Nature Publishing Group}
}

@article{kahn2016racial,
  title={Racial disparities in the survival of American children, adolescents, and young adults with acute lymphoblastic leukemia, acute myelogenous leukemia, and Hodgkin lymphoma},
  author={Kahn, Justine M and Keegan, Theresa HM and Tao, Li and Abrah{\~a}o, Renata and Bleyer, Archie and Viny, Aaron D},
  journal={Cancer},
  volume={122},
  number={17},
  pages={2723--2730},
  year={2016},
  publisher={Wiley Online Library}
}

@article{mccarthy2017scater,
  title={Scater: pre-processing, quality control, normalization and visualization of single-cell RNA-seq data in R},
  author={McCarthy, Davis J and Campbell, Kieran R and Lun, Aaron TL and Wills, Quin F},
  journal={Bioinformatics},
  volume={33},
  number={8},
  pages={1179--1186},
  year={2017},
  publisher={Oxford University Press}
}

@article{feng2012gfold,
  title={GFOLD: a generalized fold change for ranking differentially expressed genes from RNA-seq data},
  author={Feng, Jianxing and Meyer, Clifford A and Wang, Qian and Liu, Jun S and Shirley Liu, X and Zhang, Yong},
  journal={Bioinformatics},
  volume={28},
  number={21},
  pages={2782--2788},
  year={2012},
  publisher={Oxford University Press}
}

@article{macdonald2006copa,
  title={COPA—cancer outlier profile analysis},
  author={Macdonald, James W and Ghosh, Debashis},
  journal={Bioinformatics},
  volume={22},
  number={23},
  pages={2950--2951},
  year={2006},
  publisher={Oxford Univ Press}
}

@article{wang2012mcopa,
  title={mCOPA: analysis of heterogeneous features in cancer expression data},
  author={Wang, Chenwei and Taciroglu, Alperen and Maetschke, Stefan R and Nelson, Colleen C and Ragan, Mark A and Davis, Melissa J},
  journal={Journal of clinical bioinformatics},
  volume={2},
  number={1},
  pages={22},
  year={2012},
  publisher={BioMed Central}
}
  
@article{kim2013inferring,
  title={Inferring the kinetics of stochastic gene expression from single-cell RNA-sequencing data},
  author={Kim, Jong Kyoung and Marioni, John C},
  journal={Genome biology},
  volume={14},
  number={1},
  pages={R7},
  year={2013},
  publisher={BioMed Central}
}

@article{vehtari2014waic,
  title={WAIC and cross-validation in Stan},
  author={Vehtari, Aki and Gelman, Andrew},
  journal={Submitted. http://www. stat. columbia. edu/\~{} gelman/research/unpublished/waic\_ stan. pdf Accessed},
  volume={27},
  number={2015},
  pages={5},
  year={2014},
  publisher={Citeseer}
}

@article{watanabe2013widely,
  title={A widely applicable Bayesian information criterion},
  author={Watanabe, Sumio},
  journal={Journal of Machine Learning Research},
  volume={14},
  number={Mar},
  pages={867--897},
  year={2013}
}

@article{denis2016evaluation,
  title={Evaluation of hierarchical models for integrative genomic analyses},
  author={Denis, Marie and Tadesse, Mahlet G},
  journal={Bioinformatics},
  volume={32},
  number={5},
  pages={738--746},
  year={2016},
  publisher={Oxford Univ Press}
}

@PhDThesis{huston2011bayes,
  school =       "Simon Fraser University",
  author =       "Carolyn M. Huston",
  title =        "Complex Bayesian Models: Construction,
and Sampling Strategies"
}

@article{meloche2007erk1,
  title={The ERK1/2 mitogen-activated protein kinase pathway as a master regulator of the G1-to S-phase transition},
  author={Meloche, Sylvain and Pouyss{\'e}gur, Jacques},
  journal={Oncogene},
  volume={26},
  number={22},
  pages={3227--3239},
  year={2007},
  publisher={Nature Publishing Group}
}

@article{pierson2015sharing,
  title={Sharing and specificity of co-expression networks across 35 human tissues},
  author={Pierson, Emma and Koller, Daphne and Battle, Alexis and Mostafavi, Sara and GTEx Consortium and others},
  journal={PLoS Comput Biol},
  volume={11},
  number={5},
  pages={e1004220},
  year={2015},
  publisher={Public Library of Science}
}

@misc{hemberg2017scRNA,
  author = {Kiselev, Vladimir and Andrews, Tallulah and McCarthy, Davis and Hemberg, Martin},
  title = {Analysis of single cell RNA-seq data},
  year = {2017},
  publisher = {GitHub},
  journal = {GitHub repository},
  howpublished = {\url{https://github.com/hemberg-lab/scRNA.seq.course}},
  commit = {6ad9169b3e806a293d14fdeb713cdf14d1ff2d70}
}

@article{simillion2017avoiding,
  title={Avoiding the pitfalls of gene set enrichment analysis with SetRank},
  author={Simillion, Cedric and Liechti, Robin and Lischer, Heidi EL and Ioannidis, Vassilios and Bruggmann, R{\'e}my},
  journal={BMC bioinformatics},
  volume={18},
  number={1},
  pages={151},
  year={2017},
  publisher={BioMed Central}
}

@article{kim2016application,
  title={Application of single-cell RNA sequencing in optimizing a combinatorial therapeutic strategy in metastatic renal cell carcinoma},
  author={Kim, Kyu-Tae and Lee, Hye Won and Lee, Hae-Ock and Song, Hye Jin and Shin, Sang and Kim, Hyunho and Shin, Yoojin and Nam, Do-Hyun and Jeong, Byong Chang and Kirsch, David G and others},
  journal={Genome biology},
  volume={17},
  number={1},
  pages={80},
  year={2016},
  publisher={BioMed Central}
}

@article{van2017gene,
  title={Gene co-expression analysis for functional classification and gene--disease predictions},
  author={van Dam, Sipko and V{\~o}sa, Urmo and van der Graaf, Adriaan and Franke, Lude and de Magalh{\~a}es, Jo{\~a}o Pedro},
  journal={Briefings in Bioinformatics},
  pages={bbw139},
  year={2017},
  publisher={Oxford Univ Press}
}

@article{vallejos2015basics,
  title={BASiCS: Bayesian analysis of single-cell sequencing data},
  author={Vallejos, Catalina A and Marioni, John C and Richardson, Sylvia},
  journal={PLoS Comput Biol},
  volume={11},
  number={6},
  pages={e1004333},
  year={2015},
  publisher={Public Library of Science}
}

@article{wade2010decade,
  title={A decade later, genetic map yields few new cures},
  author={Wade, Nicholas},
  journal={New York Times},
  volume={12},
  year={2010}
}

@article{liu2014genomics,
  title={Genomics-based early-phase clinical trials in oncology: Recommendations from the task force on Methodology for the Development of Innovative Cancer Therapies},
  author={Liu, Stephen V and Miller, Vincent A and Lobbezoo, Marinus W and Giaccone, Giuseppe},
  journal={European Journal of Cancer},
  volume={50},
  number={16},
  pages={2747--2751},
  year={2014},
  publisher={Elsevier}
}

@article{norris2012challenges,
  title={Challenges and opportunities in childhood cancer drug development},
  author={Norris, Robin E and Adamson, Peter C},
  journal={Nature Reviews. Cancer},
  volume={12},
  number={11},
  pages={776},
  year={2012},
  publisher={Nature Publishing Group}
}

@article{rumore2016medication,
  title={Medication repurposing in pediatric patients: teaching old drugs new tricks},
  author={Rumore, Martha M},
  journal={The Journal of Pediatric Pharmacology and Therapeutics},
  volume={21},
  number={1},
  pages={36--53},
  year={2016},
  publisher={Pediatric Pharmacy Advocacy Group}
}

@article{gore2013targeting,
  title={Targeting developmental pathways in children with cancer: what price success?},
  author={Gore, Lia and DeGregori, James and Porter, Christopher C},
  journal={The lancet oncology},
  volume={14},
  number={2},
  pages={e70--e78},
  year={2013},
  publisher={Elsevier}
}

@article{costello2014community,
  title={A community effort to assess and improve drug sensitivity prediction algorithms},
  author={Costello, James C and Heiser, Laura M and Georgii, Elisabeth and G{\"o}nen, Mehmet and Menden, Michael P and Wang, Nicholas J and Bansal, Mukesh and others},
  journal={Nature biotechnology},
  volume={32},
  number={12},
  pages={1202},
  year={2014},
  publisher={NIH Public Access}
}

@article{whitfield2017strategies,
  title={Strategies to inhibit Myc and their clinical applicability},
  author={Whitfield, Jonathan R and Beaulieu, Marie-Eve and Soucek, Laura},
  journal={Frontiers in cell and developmental biology},
  volume={5},
  year={2017},
  publisher={Frontiers Media SA}
}

@article{consortium2013genotype,
  title={The genotype-tissue expression (GTEx) project},
  author={Consortium, The GTEx},
  journal={Nature genetics},
  volume={45},
  number={6},
  pages={580},
  year={2013},
  publisher={NIH Public Access}
}

@article{hanahan2012accessories,
  title={Accessories to the crime: functions of cells recruited to the tumor microenvironment},
  author={Hanahan, Douglas and Coussens, Lisa M},
  journal={Cancer cell},
  volume={21},
  number={3},
  pages={309--322},
  year={2012},
  publisher={Elsevier}
}

@article{patel2014single,
  title={Single-cell RNA-seq highlights intratumoral heterogeneity in primary glioblastoma},
  author={Patel, Anoop P and Tirosh, Itay and Trombetta, John J and Shalek, Alex K and Gillespie, Shawn M and Wakimoto, Hiroaki and Cahill, Daniel P and Nahed, Brian V and Curry, William T and Martuza, Robert L and others},
  journal={Science},
  volume={344},
  number={6190},
  pages={1396--1401},
  year={2014},
  publisher={American Association for the Advancement of Science}
}

@article{meyer2015single,
  title={Single cell-derived clonal analysis of human glioblastoma links functional and genomic heterogeneity},
  author={Meyer, Mona and Reimand, J{\"u}ri and Lan, Xiaoyang and Head, Renee and Zhu, Xueming and Kushida, Michelle and Bayani, Jane and Pressey, Jessica C and Lionel, Anath C and Clarke, Ian D and others},
  journal={Proceedings of the National Academy of Sciences},
  volume={112},
  number={3},
  pages={851--856},
  year={2015},
  publisher={National Acad Sciences}
}

@article{farmer2009stroma,
  title={A stroma-related gene signature predicts resistance to neoadjuvant chemotherapy in breast cancer},
  author={Farmer, Pierre and Bonnefoi, Herv{\'e} and Anderle, Pascale and Cameron, David and Wirapati, Pratyakasha and Becette, V{\'e}ronique and Andr{\'e}, Sylvie and Piccart, Martine and Campone, Mario and Brain, Etienne and others},
  journal={Nature medicine},
  volume={15},
  number={1},
  pages={68--74},
  year={2009},
  publisher={Nature Publishing Group}
}

@article{santarpia2015tumor,
  title={Tumor immune microenvironment characterization and response to anti-PD-1 therapy},
  author={Santarpia, Mariacarmela and Karachaliou, Niki},
  journal={Cancer biology \& medicine},
  volume={12},
  number={2},
  pages={74},
  year={2015},
  publisher={Chinese Anti-Cancer Association}
}


@article{tang2011dynamics,
  title={Dynamics of chronic myeloid leukemia response to long-term targeted therapy reveal treatment effects on leukemic stem cells},
  author={Tang, Min and Gonen, Mithat and Quintas-Cardama, Alfonso and Cortes, Jorge and Kantarjian, Hagop and Field, Chani and Hughes, Timothy P and Branford, Susan and Michor, Franziska},
  journal={Blood},
  volume={118},
  number={6},
  pages={1622--1631},
  year={2011},
  publisher={Am Soc Hematology}
}

@article{siolas2013patient,
  title={Patient-derived tumor xenografts: transforming clinical samples into mouse models},
  author={Siolas, Despina and Hannon, Gregory J},
  journal={Cancer research},
  volume={73},
  number={17},
  pages={5315--5319},
  year={2013},
  publisher={AACR}
}

@article{jones2014unique,
  title={Unique genetic and epigenetic mechanisms driving paediatric diffuse high-grade glioma},
  author={Jones, Chris and Baker, Suzanne J},
  journal={Nature Reviews Cancer},
  volume={14},
  number={10},
  pages={651--661},
  year={2014},
  publisher={Nature Research}
}

@article{kalluri2016biology,
  title={The biology and function of fibroblasts in cancer},
  author={Kalluri, Raghu},
  journal={Nature Reviews Cancer},
  volume={16},
  number={9},
  pages={582--598},
  year={2016},
  publisher={Nature Research}
}

@article{doi:10.1093/jnci/djp417,
author = {Wasilewski-Masker, Karen and Liu, Qi and Yasui, Yutaka and Leisenring, Wendy and Meacham, Lillian R. and Hammond, Sue and Meadows, Anna T. and Robison, Leslie L. and Mertens, Ann C.},
title = {Late Recurrence in Pediatric Cancer: A Report From the Childhood Cancer Survivor Study},
journal = {JNCI: Journal of the National Cancer Institute},
volume = {101},
number = {24},
pages = {1709},
year = {2009},
doi = {10.1093/jnci/djp417},
URL = { + http://dx.doi.org/10.1093/jnci/djp417},
eprint = {/oup/backfile/content_public/journal/jnci/101/24/10.1093_jnci_djp417/3/djp417.pdf}
}

@article{holohan2013cancer,
  title={Cancer drug resistance: an evolving paradigm},
  author={Holohan, Caitriona and Van Schaeybroeck, Sandra and Longley, Daniel B and Johnston, Patrick G},
  journal={Nature Reviews Cancer},
  volume={13},
  number={10},
  pages={714--726},
  year={2013},
  publisher={Nature Publishing Group}
}

@article{easwaran2014cancer,
  title={Cancer epigenetics: tumor heterogeneity, plasticity of stem-like states, and drug resistance},
  author={Easwaran, Hariharan and Tsai, Hsing-Chen and Baylin, Stephen B},
  journal={Molecular cell},
  volume={54},
  number={5},
  pages={716--727},
  year={2014},
  publisher={Elsevier}
}

@article{pattabiraman2014tackling,
  title={Tackling the cancer stem cells—what challenges do they pose?},
  author={Pattabiraman, Diwakar R and Weinberg, Robert A},
  journal={Nature reviews Drug discovery},
  volume={13},
  number={7},
  pages={497--512},
  year={2014},
  publisher={Nature Publishing Group}
}

@article{joyce2015t,
  title={T cell exclusion, immune privilege, and the tumor microenvironment},
  author={Joyce, Johanna A and Fearon, Douglas T},
  journal={Science},
  volume={348},
  number={6230},
  pages={74--80},
  year={2015},
  publisher={American Association for the Advancement of Science}
}

@article{buettner2015computational,
  title={Computational analysis of cell-to-cell heterogeneity in single-cell RNA-sequencing data reveals hidden subpopulations of cells},
  author={Buettner, Florian and Natarajan, Kedar N and Casale, F Paolo and Proserpio, Valentina and Scialdone, Antonio and Theis, Fabian J and Teichmann, Sarah A and Marioni, John C and Stegle, Oliver},
  journal={Nature biotechnology},
  volume={33},
  number={2},
  pages={155--160},
  year={2015},
  publisher={Nature Research}
}

@article{andrews2016modelling,
  title={Modelling dropouts allows for unbiased identification of marker genes in scRNASeq experiments},
  author={Andrews, Tallulah S and Hemberg, Martin},
  journal={bioRxiv},
  pages={065094},
  year={2016},
  publisher={Cold Spring Harbor Labs Journals}
}

@article{siegel2016cancer,
  title={Cancer statistics, 2016},
  author={Siegel, Rebecca L and Miller, Kimberly D and Jemal, Ahmedin},
  journal={CA: a cancer journal for clinicians},
  volume={66},
  number={1},
  pages={7--30},
  year={2016},
  publisher={Wiley Online Library}
}

@article{shalek2013single,
  title={Single-cell transcriptomics reveals bimodality in expression and splicing in immune cells},
  author={Shalek, Alex K and Satija, Rahul and Adiconis, Xian and Gertner, Rona S and Gaublomme, Jellert T and Raychowdhury, Raktima and Schwartz, Schraga and Yosef, Nir and Malboeuf, Christine and Lu, Diana and others},
  journal={Nature},
  volume={498},
  number={7453},
  pages={236--240},
  year={2013},
  publisher={Nature Research}
}

@article{yoshihara2013inferring,
  title={Inferring tumour purity and stromal and immune cell admixture from expression data},
  author={Yoshihara, Kosuke and Shahmoradgoli, Maria and Mart{\'\i}nez, Emmanuel and Vegesna, Rahulsimham and Kim, Hoon and Torres-Garcia, Wandaliz and Trevi{\~n}o, Victor and Shen, Hui and Laird, Peter W and Levine, Douglas A and others},
  journal={Nature communications},
  volume={4},
  year={2013},
  publisher={Nature Publishing Group}
}

@article{ben2008embryonic,
  title={An embryonic stem cell--like gene expression signature in poorly differentiated aggressive human tumors},
  author={Ben-Porath, Ittai and Thomson, Matthew W and Carey, Vincent J and Ge, Ruping and Bell, George W and Regev, Aviv and Weinberg, Robert A},
  journal={Nature genetics},
  volume={40},
  number={5},
  pages={499--507},
  year={2008},
  publisher={Nature Publishing Group}
}

@article{yadav2014assessment,
  title={An assessment of computational methods for estimating purity and clonality using genomic data derived from heterogeneous tumor tissue samples},
  author={Yadav, Vinod Kumar and De, Subhajyoti},
  journal={Briefings in bioinformatics},
  pages={bbu002},
  year={2014},
  publisher={Oxford Univ Press}
}

@article{castelo2012promises,
  title={Promises and challenges of exhausting pediatric neural cancer stem cells},
  author={Castelo-Branco, Pedro and Tabori, Uri},
  journal={Pediatric research},
  volume={71},
  number={4-2},
  pages={523--528},
  year={2012},
  publisher={Springer Nature}
}

@article{yildirim2013xist,
  title={Xist RNA is a potent suppressor of hematologic cancer in mice},
  author={Yildirim, Eda and Kirby, James E and Brown, Diane E and Mercier, Francois E and Sadreyev, Ruslan I and Scadden, David T and Lee, Jeannie T},
  journal={Cell},
  volume={152},
  number={4},
  pages={727--742},
  year={2013},
  publisher={Elsevier}
}

@article{huether2014landscape,
  title={The landscape of somatic mutations in epigenetic regulators across 1,000 paediatric cancer genomes},
  author={Huether, Robert and Dong, Li and Chen, Xiang and Wu, Gang and Parker, Matthew and Wei, Lei and Ma, Jing and Edmonson, Michael N and Hedlund, Erin K and Rusch, Michael C and others},
  journal={Nature communications},
  volume={5},
  year={2014},
  publisher={Nature Publishing Group}
}

@article{deshwar2015phylowgs,
  title={PhyloWGS: reconstructing subclonal composition and evolution from whole-genome sequencing of tumors},
  author={Deshwar, Amit G and Vembu, Shankar and Yung, Christina K and Jang, Gun Ho and Stein, Lincoln and Morris, Quaid},
  journal={Genome biology},
  volume={16},
  number={1},
  pages={35},
  year={2015},
  publisher={BioMed Central}
}

@article{andor2013expands,
  title={EXPANDS: expanding ploidy and allele frequency on nested subpopulations},
  author={Andor, Noemi and Harness, Julie V and Mueller, Sabine and Mewes, Hans W and Petritsch, Claudia},
  journal={Bioinformatics},
  volume={30},
  number={1},
  pages={50--60},
  year={2013},
  publisher={Oxford University Press}
}

@article{zwiener2014transforming,
  title={Transforming RNA-Seq data to improve the performance of prognostic gene signatures},
  author={Zwiener, Isabella and Frisch, Barbara and Binder, Harald},
  journal={PloS one},
  volume={9},
  number={1},
  pages={e85150},
  year={2014},
  publisher={Public Library of Science}
}

@article{barbie2009systematic,
	title={Systematic RNA interference reveals that oncogenic KRAS-driven cancers require TBK1},
	author={Barbie, David A and Tamayo, Pablo and Boehm, Jesse S and Kim, So Young and Moody, Susan E and Dunn, Ian F and Schinzel, Anna C and Sandy, Peter and Meylan, Etienne and Scholl, Claudia and others},
	journal={Nature},
	volume={462},
	number={7269},
	pages={108},
	year={2009},
	publisher={Nature Publishing Group}
}

@article{hanzelmann2013gsva,
	title={GSVA: gene set variation analysis for microarray and RNA-seq data},
	author={H{\"a}nzelmann, Sonja and Castelo, Robert and Guinney, Justin},
	journal={BMC bioinformatics},
	volume={14},
	number={1},
	pages={7},
	year={2013},
	publisher={BioMed Central}
}

@article{lonsdale2013genotype,
	title={The genotype-tissue expression (GTEx) project},
	author={Lonsdale, John and Thomas, Jeffrey and Salvatore, Mike and Phillips, Rebecca and Lo, Edmund and Shad, Saboor and Hasz, Richard and Walters, Gary and Garcia, Fernando and Young, Nancy and others},
	journal={Nature genetics},
	volume={45},
	number={6},
	pages={580},
	year={2013},
	publisher={Nature Publishing Group}
}

@article{saletta2017programmed,
	title={Programmed Death-Ligand 1 Expression in a Large Cohort of Pediatric Patients With Solid Tumor and Association With Clinicopathologic Features in Neuroblastoma},
	author={Saletta, Federica and Vilain, Ricardo E and Gupta, Aditya Kumar and Nagabushan, Sumanth and Yuksel, Aysen and Catchpoole, Daniel and Scolyer, Richard A and Byrne, Jennifer A and McCowage, Geoffrey},
	journal={JCO Precision Oncology},
	volume={1},
	pages={1--12},
	year={2017},
	publisher={American Society of Clinical Oncology}
}

@article{majzner2017assessment,
	title={Assessment of programmed death-ligand 1 expression and tumor-associated immune cells in pediatric cancer tissues},
	author={Majzner, Robbie G and Simon, Jason S and Grosso, Joseph F and Martinez, Daniel and Pawel, Bruce R and Santi, Mariarita and Merchant, Melinda S and Geoerger, Birgit and Hezam, Imene and Marty, Virginie and others},
	journal={Cancer},
	volume={123},
	number={19},
	pages={3807--3815},
	year={2017},
	publisher={Wiley Online Library}
}

@article{nowicki2016prospective,
	title={Prospective immunotherapies in childhood sarcomas: PD1/PDL1 blockade in combination with tumor vaccines},
	author={Nowicki, Theodore S and Anderson, Jennifer L and Federman, Noah},
	journal={Pediatric research},
	volume={79},
	number={3},
	pages={371},
	year={2016},
	publisher={Nature Publishing Group}
}

@article{bindea2013spatiotemporal,
	title={Spatiotemporal dynamics of intratumoral immune cells reveal the immune landscape in human cancer},
	author={Bindea, Gabriela and Mlecnik, Bernhard and Tosolini, Marie and Kirilovsky, Amos and Waldner, Maximilian and Obenauf, Anna C and Angell, Helen and Fredriksen, Tessa and Lafontaine, Lucie and Berger, Anne and others},
	journal={Immunity},
	volume={39},
	number={4},
	pages={782--795},
	year={2013},
	publisher={Elsevier}
}


@article{thorsson2018immune,
	title={The immune landscape of cancer},
	author={Thorsson, V{\'e}steinn and Gibbs, David L and Brown, Scott D and Wolf, Denise and Bortone, Dante S and Yang, Tai-Hsien Ou and Porta-Pardo, Eduard and Gao, Galen F and Plaisier, Christopher L and Eddy, James A and others},
	journal={Immunity},
	volume={48},
	number={4},
	pages={812--830},
	year={2018},
	publisher={Elsevier}
}

@inproceedings{hughes2014bnpy,
	title={Bnpy: Reliable and scalable variational inference for Bayesian nonparametric models},
	author={Hughes, Michael C and Sudderth, Erik B},
	booktitle={NIPS Probabilistic Programimming Workshop},
	year={2014}
}

@article{mckight2010kruskal,
	title={Kruskal-Wallis Test},
	author={McKight, Patrick E and Najab, Julius},
	journal={The corsini encyclopedia of psychology},
	pages={1--1},
	year={2010},
	publisher={Wiley Online Library}
}

@article{bhattacharya2018immport,
	title={ImmPort, toward repurposing of open access immunological assay data for translational and clinical research},
	author={Bhattacharya, Sanchita and Dunn, Patrick and Thomas, Cristel G and Smith, Barry and Schaefer, Henry and Chen, Jieming and Hu, Zicheng and Zalocusky, Kelly A and Shankar, Ravi D and Shen-Orr, Shai S and others},
	journal={Scientific data},
	volume={5},
	pages={180015},
	year={2018},
	publisher={Nature Publishing Group}
}

@article{saltz2018spatial,
	title={Spatial organization and molecular correlation of tumor-infiltrating lymphocytes using deep learning on pathology images},
	author={Saltz, Joel and Gupta, Rajarsi and Hou, Le and Kurc, Tahsin and Singh, Pankaj and Nguyen, Vu and Samaras, Dimitris and Shroyer, Kenneth R and Zhao, Tianhao and Batiste, Rebecca and others},
	journal={Cell reports},
	volume={23},
	number={1},
	pages={181},
	year={2018},
	publisher={NIH Public Access}
}

@article{newman2015robust,
	title={Robust enumeration of cell subsets from tissue expression profiles},
	author={Newman, Aaron M and Liu, Chih Long and Green, Michael R and Gentles, Andrew J and Feng, Weiguo and Xu, Yue and Hoang, Chuong D and Diehn, Maximilian and Alizadeh, Ash A},
	journal={Nature methods},
	volume={12},
	number={5},
	pages={453},
	year={2015},
	publisher={Nature Publishing Group}
}

@article{zhao2018molecular,
	title={Molecular subtyping of cancer: current status and moving toward clinical applications},
	author={Zhao, Lan and Lee, Victor HF and Ng, Michael K and Yan, Hong and Bijlsma, Maarten F},
	journal={Briefings in bioinformatics},
	year={2018}
}

@article{zhao2014bayesian,
	title={A Bayesian nonparametric mixture model for selecting genes and gene subnetworks},
	author={Zhao, Yize and Kang, Jian and Yu, Tianwei},
	journal={The annals of applied statistics},
	volume={8},
	number={2},
	pages={999},
	year={2014},
	publisher={NIH Public Access}
}

@article{newton2004detecting,
	title={Detecting differential gene expression with a semiparametric hierarchical mixture method},
	author={Newton, Michael A and Noueiry, Amine and Sarkar, Deepayan and Ahlquist, Paul},
	journal={Biostatistics},
	volume={5},
	number={2},
	pages={155--176},
	year={2004},
	publisher={Oxford University Press}
}

@article{medvedovic2002bayesian,
	title={Bayesian infinite mixture model based clustering of gene expression profiles},
	author={Medvedovic, Mario and Sivaganesan, Siva},
	journal={Bioinformatics},
	volume={18},
	number={9},
	pages={1194--1206},
	year={2002},
	publisher={Oxford University Press}
}

@article{eren2012comparative,
	title={A comparative analysis of biclustering algorithms for gene expression data},
	author={Eren, Kemal and Deveci, Mehmet and K{\"u}{\c{c}}{\"u}ktun{\c{c}}, Onur and {\c{C}}ataly{\"u}rek, {\"U}mit V},
	journal={Briefings in bioinformatics},
	volume={14},
	number={3},
	pages={279--292},
	year={2012},
	publisher={Oxford University Press}
}

@article{armenia2018long,
	title={The long tail of oncogenic drivers in prostate cancer},
	author={Armenia, Joshua and Wankowicz, Stephanie AM and Liu, David and Gao, Jianjiong and Kundra, Ritika and Reznik, Ed and Chatila, Walid K and Chakravarty, Debyani and Han, G Celine and Coleman, Ilsa and others},
	journal={Nature genetics},
	volume={50},
	number={5},
	pages={645},
	year={2018},
	publisher={Nature Publishing Group}
}

@article{auslander2018robust,
	title={Robust prediction of response to immune checkpoint blockade therapy in metastatic melanoma},
	author={Auslander, Noam and Zhang, Gao and Lee, Joo Sang and Frederick, Dennie T and Miao, Benchun and Moll, Tabea and Tian, Tian and Wei, Zhi and Madan, Sanna and Sullivan, Ryan J and others},
	journal={Nature medicine},
	pages={1},
	year={2018},
	publisher={Nature Publishing Group}
}

@book{gelman2013bayesian,
	title={Bayesian data analysis},
	author={Gelman, Andrew and Stern, Hal S and Carlin, John B and Dunson, David B and Vehtari, Aki and Rubin, Donald B},
	year={2013},
	publisher={Chapman and Hall/CRC}
}

@inproceedings{kluyver2016jupyter,
	title={Jupyter Notebooks-a publishing format for reproducible computational workflows.},
	author={Kluyver, Thomas and Ragan-Kelley, Benjamin and P{\'e}rez, Fernando and Granger, Brian E and Bussonnier, Matthias and Frederic, Jonathan and Kelley, Kyle and Hamrick, Jessica B and Grout, Jason and Corlay, Sylvain and others},
	booktitle={ELPUB},
	pages={87--90},
	year={2016}
}

@article{sergushichev2016algorithm,
	title={An algorithm for fast preranked gene set enrichment analysis using cumulative statistic calculation},
	author={Sergushichev, Alexey},
	journal={BioRxiv},
	pages={060012},
	year={2016},
	publisher={Cold Spring Harbor Laboratory}
}

@misc{robert2014machine,
	title={Machine learning, a probabilistic perspective},
	author={Robert, Christian},
	year={2014},
	publisher={Taylor \& Francis}
}

@article{mootha2003pgc,
	title={PGC-1$\alpha$-responsive genes involved in oxidative phosphorylation are coordinately downregulated in human diabetes},
	author={Mootha, Vamsi K and Lindgren, Cecilia M and Eriksson, Karl-Fredrik and Subramanian, Aravind and Sihag, Smita and Lehar, Joseph and Puigserver, Pere and Carlsson, Emma and Ridderstr{\aa}le, Martin and Laurila, Esa and others},
	journal={Nature genetics},
	volume={34},
	number={3},
	pages={267},
	year={2003},
	publisher={Nature Publishing Group}
}